@ARTICLE{2007ARA&A..45...77R,
       author = {{Rieke}, G.~H.},
        title = "{Infrared Detector Arrays for Astronomy}",
      journal = {\araa},
         year = 2007,
        month = sep,
       volume = {45},
       number = {1},
        pages = {77-115},
          doi = {10.1146/annurev.astro.44.051905.092436},
       adsurl = {https://ui.adsabs.harvard.edu/abs/2007ARA&A..45...77R},
      adsnote = {Provided by the SAO/NASA Astrophysics Data System}
}

@INPROCEEDINGS{2022cosp...44.1985G,
       author = {{Gulick}, Hannah and {Lu}, Jessica and {Beckwith}, Steve and {Bloom}, Joshua and {Nir}, Guy},
        title = "{CubeSat for Rapid IR and Optical Surveys}",
    booktitle = {44th COSPAR Scientific Assembly. Held 16-24 July},
         year = 2022,
       volume = {44},
        month = jul,
        pages = {1985},
       adsurl = {https://ui.adsabs.harvard.edu/abs/2022cosp...44.1985G},
      adsnote = {Provided by the SAO/NASA Astrophysics Data System}
}

@ARTICLE{2021ApJ...911L..33H,
       author = {{Hayat}, Md Abul and {Stein}, George and {Harrington}, Peter and {Luki{\'c}}, Zarija and {Mustafa}, Mustafa},
        title = "{Self-supervised Representation Learning for Astronomical Images}",
      journal = {ApJ Letters},
     keywords = {Sky surveys, Observational cosmology, Astronomical methods, Observational astronomy, Computational methods, 1464, 1146, 1043, 1145, 1965, Astrophysics - Instrumentation and Methods for Astrophysics, Computer Science - Artificial Intelligence},
         year = 2021,
        month = apr,
       volume = {911},
       number = {2},
          eid = {L33},
        pages = {L33},
          doi = {10.3847/2041-8213/abf2c7},
archivePrefix = {arXiv},
       eprint = {2012.13083},
 primaryClass = {astro-ph.IM},
       adsurl = {https://ui.adsabs.harvard.edu/abs/2021ApJ...911L..33H},
      adsnote = {Provided by the SAO/NASA Astrophysics Data System}
}

@ARTICLE{1995PASP..107..375O,
       author = {{Oke}, J.~B. and {Cohen}, J.~G. and {Carr}, M. and {Cromer}, J. and {Dingizian}, A. and {Harris}, F.~H. and {Labrecque}, S. and {Lucinio}, R. and {Schaal}, W. and {Epps}, H. and {Miller}, J.},
        title = "{The Keck Low-Resolution Imaging Spectrometer}",
      journal = {PASP},
     keywords = {INSTRUMENTATION: SPECTROGRAPHS},
         year = 1995,
        month = apr,
       volume = {107},
        pages = {375},
          doi = {10.1086/133562},
       adsurl = {https://ui.adsabs.harvard.edu/abs/1995PASP..107..375O},
      adsnote = {Provided by the SAO/NASA Astrophysics Data System}
}




@ARTICLE{2018Galax...6..120F,
       author = {{Farnes}, Jamie and {Mort}, Ben and {Dulwich}, Fred and {Salvini}, Stef and {Armour}, Wes},
        title = "{Science Pipelines for the Square Kilometre Array}",
      journal = {Galaxies},
     keywords = {radio astronomy, interferometry, square kilometre array, big data, Faraday tomography, Astrophysics - Instrumentation and Methods for Astrophysics, Astrophysics - Cosmology and Nongalactic Astrophysics},
         year = 2018,
        month = nov,
       volume = {6},
       number = {4},
          eid = {120},
        pages = {120},
          doi = {10.3390/galaxies6040120},
archivePrefix = {arXiv},
       eprint = {1811.08272},
 primaryClass = {astro-ph.IM},
       adsurl = {https://ui.adsabs.harvard.edu/abs/2018Galax...6..120F},
      adsnote = {Provided by the SAO/NASA Astrophysics Data System}
}


@BOOK{1949mtc..book.....S,
       author = {{Shannon}, Claude E. and {Weaver}, Warren},
        title = "{The mathematical theory of communication}",
         year = 1949,
       adsurl = {https://ui.adsabs.harvard.edu/abs/1949mtc..book.....S},
      adsnote = {Provided by the SAO/NASA Astrophysics Data System}
}


@inproceedings{yolo,
  title={{AstroYOLO}: {L}earning {A}stronomy {M}ulti-Tasks in a {S}ingle {U}nified {R}eal-{T}ime {F}ramework},
  author={{Khujaev}, Nodirkhuja and {Tsoy}, Roman and {Baek}, Seungryul},
  booktitle={Machine Learning and the Physical Sciences Workshop, NeurIPS},
  year={2023}
}

@INPROCEEDINGS{2010SPIE.7735E..0RR,
       author = {{Rockosi}, C. and others},
        title = "{The low-resolution imaging spectrograph red channel CCD upgrade: fully depleted, high-resistivity CCDs for Keck}",
    booktitle = {Ground-based and Airborne Instrumentation for Astronomy III},
         year = 2010,
       editor = {{McLean}, Ian S. and {Ramsay}, Suzanne K. and {Takami}, Hideki},
       series = {Society of Photo-Optical Instrumentation Engineers (SPIE) Conference Series},
       volume = {7735},
        month = jul,
          eid = {77350R},
        pages = {77350R},
          doi = {10.1117/12.856818},
       adsurl = {https://ui.adsabs.harvard.edu/abs/2010SPIE.7735E..0RR},
      adsnote = {Provided by the SAO/NASA Astrophysics Data System}
}



@ARTICLE{pence2009lossless,
       author = {{Pence}, W.~D. and {Seaman}, R. and {White}, R.~L.},
        title = "{Lossless Astronomical Image Compression and the Effects of Noise}",
      journal = {PASP},
     keywords = {Astrophysics - Instrumentation and Methods for Astrophysics},
         year = 2009,
        month = apr,
       volume = {121},
       number = {878},
        pages = {414},
          doi = {10.1086/599023},
archivePrefix = {arXiv},
       eprint = {0903.2140},
 primaryClass = {astro-ph.IM},
       adsurl = {https://ui.adsabs.harvard.edu/abs/2009PASP..121..414P},
      adsnote = {Provided by the SAO/NASA Astrophysics Data System}
}

@misc{2010ascl.soft10002S,
       author = {{Seaman}, Rob and {Pence}, William and {White}, Rick},
        title = "{fpack: FITS Image Compression Program}",
 howpublished = {Astrophysics Source Code Library, record ascl:1010.002},
         year = 2010,
        month = oct,
          eid = {ascl:1010.002},
       adsurl = {https://ui.adsabs.harvard.edu/abs/2010ascl.soft10002S},
      adsnote = {Provided by the SAO/NASA Astrophysics Data System}
}

@ARTICLE{2010A&A...524A..42P,
       author = {{Pence}, W.~D. and {Chiappetti}, L. and {Page}, C.~G. and {Shaw}, R.~A. and {Stobie}, E.},
        title = "{Definition of the Flexible Image Transport System (FITS), version 3.0}",
      journal = {AAP},
     keywords = {instrumentation: miscellaneous, methods: miscellaneous, techniques: miscellaneous, reference systems, standards, astronomical databases: miscellaneous},
         year = 2010,
        month = dec,
       volume = {524},
          eid = {A42},
        pages = {A42},
          doi = {10.1051/0004-6361/201015362},
       adsurl = {https://ui.adsabs.harvard.edu/abs/2010A&A...524A..42P},
      adsnote = {Provided by the SAO/NASA Astrophysics Data System}
}

@article{pata2015astronomical,
  title={Astronomical context coder for image compression},
  author={Pata, Petr and Schindler, Jaromir},
  journal={Experimental Astronomy},
  volume={39},
  pages={495--512},
  year={2015},
  publisher={Springer}
}

@inproceedings{maireles2022analysis,
  title={Analysis of Lossless Compressors Applied to Integer and Floating-Point Astronomical Data},
  author={Maireles-Gonz{\'a}lez, {\`O}scar and Bartrina-Rapesta, Joan and Hern{\'a}ndez-Cabronero, Miguel and Serra-Sagrist{\`a}, Joan},
  booktitle={2022 Data Compression Conference (DCC)},
  pages={389--398},
  year={2022},
  organization={IEEE}
}

@inproceedings{mandeel2021comparative,
  title={A comparative study on lossless compression mode in webp, better portable graphics (bpg), and jpeg xl image compression algorithms},
  author={Mandeel, Thulfiqar H and Ahmad, Muhammad Imran and Khalid, Noor Aldeen A and Isa, Mohd Nazrin Md},
  booktitle={2021 8th International Conference on Computer and Communication Engineering (ICCCE)},
  pages={17--22},
  year={2021},
  organization={IEEE}
}

@ARTICLE{2000AJ....120.1579Y,
       author = {{York}, Donald G. and others},
        title = "{The Sloan Digital Sky Survey: Technical Summary}",
      journal = {AJ},
     keywords = {Cosmology: Observations, Instrumentation: Miscellaneous, Astrophysics},
         year = 2000,
        month = sep,
       volume = {120},
       number = {3},
        pages = {1579-1587},
          doi = {10.1086/301513},
archivePrefix = {arXiv},
       eprint = {astro-ph/0006396},
 primaryClass = {astro-ph},
       adsurl = {https://ui.adsabs.harvard.edu/abs/2000AJ....120.1579Y},
      adsnote = {Provided by the SAO/NASA Astrophysics Data System}
}


@ARTICLE{2002AJ....123..485S,
       author = {{Stoughton}, Chris and others},
        title = "{Sloan Digital Sky Survey: Early Data Release}",
      journal = {Astronomical Journal},
     keywords = {Atlases, Catalogs, Surveys},
         year = 2002,
        month = jan,
       volume = {123},
       number = {1},
        pages = {485-548},
          doi = {10.1086/324741},
       adsurl = {https://ui.adsabs.harvard.edu/abs/2002AJ....123..485S},
      adsnote = {Provided by the SAO/NASA Astrophysics Data System}
}


@ARTICLE{2018PASP..130f4002S,
       author = {{Sako}, Masao and {Bassett}, Bruce and {Becker}, Andrew C. and {Brown}, Peter J. and {Campbell}, Heather and {Wolf}, Rachel and {Cinabro}, David and {D'Andrea}, Chris B. and {Dawson}, Kyle S. and {DeJongh}, Fritz and {Depoy}, Darren L. and {Dilday}, Ben and {Doi}, Mamoru and {Filippenko}, Alexei V. and {Fischer}, John A. and {Foley}, Ryan J. and {Frieman}, Joshua A. and {Galbany}, Lluis and {Garnavich}, Peter M. and {Goobar}, Ariel and {Gupta}, Ravi R. and {Hill}, Gary J. and {Hayden}, Brian T. and {Hlozek}, Ren{\'e}e and {Holtzman}, Jon A. and {Hopp}, Ulrich and {Jha}, Saurabh W. and {Kessler}, Richard and {Kollatschny}, Wolfram and {Leloudas}, Giorgos and {Marriner}, John and {Marshall}, Jennifer L. and {Miquel}, Ramon and {Morokuma}, Tomoki and {Mosher}, Jennifer and {Nichol}, Robert C. and {Nordin}, Jakob and {Olmstead}, Matthew D. and {{\"O}stman}, Linda and {Prieto}, Jose L. and {Richmond}, Michael and {Romani}, Roger W. and {Sollerman}, Jesper and {Stritzinger}, Max and {Schneider}, Donald P. and {Smith}, Mathew and {Wheeler}, J. Craig and {Yasuda}, Naoki and {Zheng}, Chen},
        title = "{The Data Release of the Sloan Digital Sky Survey-II Supernova Survey}",
      journal = {PASP},
     keywords = {Astrophysics - Cosmology and Nongalactic Astrophysics},
         year = 2018,
        month = jun,
       volume = {130},
       number = {988},
        pages = {064002},
          doi = {10.1088/1538-3873/aab4e0},
archivePrefix = {arXiv},
       eprint = {1401.3317},
 primaryClass = {astro-ph.CO},
       adsurl = {https://ui.adsabs.harvard.edu/abs/2018PASP..130f4002S},
      adsnote = {Provided by the SAO/NASA Astrophysics Data System}
}




@article{maireles2023efficient,
  title={Efficient Lossless Compression of Integer Astronomical Data},
  author={Maireles-Gonz{\'a}lez, {\`O}scar and Bartrina-Rapesta, Joan and Hern{\'a}ndez-Cabronero, Miguel and Serra-Sagrist{\`a}, Joan},
  journal={Publications of the Astronomical Society of the Pacific},
  volume={135},
  number={1051},
  pages={094502},
  year={2023},
  publisher={IOP Publishing}
}

@article{thomas2015learning,
  title={Learning from FITS: Limitations in use in modern astronomical research},
  author={Thomas, Brian and Jenness, Tim and Economou, Frossie and Greenfield, Perry and Hirst, Paul and Berry, David S and Bray, Erik and Gray, Norman and Muna, Demitri and Turner, James and others},
  journal={Astronomy and Computing},
  volume={12},
  pages={133--145},
  year={2015},
  publisher={Elsevier}
}

@article{villafranca2013prediction,
  title={Prediction Error Coder: a fast lossless compression method for satellite noisy data},
  author={Villafranca, Alberto G and Portell, Jordi and Garc{\'\i}a-Berro, Enrique},
  journal={Journal of Applied Remote Sensing},
  volume={7},
  number={1},
  pages={074593--074593},
  year={2013},
  publisher={Society of Photo-Optical Instrumentation Engineers}
}

@inproceedings{yang2023computationally,
  title={Computationally-efficient neural image compression with shallow decoders},
  author={Yang, Yibo and Mandt, Stephan},
  booktitle={Proceedings of the IEEE/CVF International Conference on Computer Vision},
  pages={530--540},
  year={2023}
}

@misc{jwst,
  title        = {{JWST} {D}ata {V}olume and {D}ata {E}xcess},
  author       = {STSCI},
  year         = 2024,
  note         = {\url{https://jwst-docs.stsci.edu/jwst-general-support/jwst-data-volume-and-data-excess} [Accessed: May 30, 2024]}
}

@ARTICLE{2023arXiv230711122X,
       author = {{Xue}, Zhiwei and {Li}, Yuhang and {Patel}, Yash and {Regier}, Jeffrey},
        title = "{Diffusion Models for Probabilistic Deconvolution of Galaxy Images}",
      journal = {arXiv e-prints},
     keywords = {Astrophysics - Instrumentation and Methods for Astrophysics, Computer Science - Machine Learning, Statistics - Applications},
         year = 2023,
        month = jul,
          eid = {arXiv:2307.11122},
        pages = {arXiv:2307.11122},
          doi = {10.48550/arXiv.2307.11122},
archivePrefix = {arXiv},
       eprint = {2307.11122},
 primaryClass = {astro-ph.IM},
       adsurl = {https://ui.adsabs.harvard.edu/abs/2023arXiv230711122X},
      adsnote = {Provided by the SAO/NASA Astrophysics Data System}
}



@ARTICLE{2019MNRAS.483.3255L,
       author = {{Leung}, Henry W. and {Bovy}, Jo},
        title = "{Deep learning of multi-element abundances from high-resolution spectroscopic data}",
      journal = {MNRAS},
     keywords = {methods: data analysis, techniques: spectroscopic, stars: abundances, stars: fundamental parameters, Astrophysics - Astrophysics of Galaxies, Astrophysics - Instrumentation and Methods for Astrophysics},
         year = 2019,
        month = mar,
       volume = {483},
       number = {3},
        pages = {3255-3277},
          doi = {10.1093/mnras/sty3217},
archivePrefix = {arXiv},
       eprint = {1808.04428},
 primaryClass = {astro-ph.GA},
       adsurl = {https://ui.adsabs.harvard.edu/abs/2019MNRAS.483.3255L},
      adsnote = {Provided by the SAO/NASA Astrophysics Data System}
}



@ARTICLE{2015JATIS...1a4003R,
       author = {{Ricker}, George R. and {Winn}, Joshua N. and {Vanderspek}, Roland and {Latham}, David W. and {Bakos}, G{\'a}sp{\'a}r {\'A}. and {Bean}, Jacob L. and {Berta-Thompson}, Zachory K. and {Brown}, Timothy M. and {Buchhave}, Lars and {Butler}, Nathaniel R. and {Butler}, R. Paul and {Chaplin}, William J. and {Charbonneau}, David and {Christensen-Dalsgaard}, J{\o}rgen and {Clampin}, Mark and {Deming}, Drake and {Doty}, John and {De Lee}, Nathan and {Dressing}, Courtney and {Dunham}, Edward W. and {Endl}, Michael and {Fressin}, Francois and {Ge}, Jian and {Henning}, Thomas and {Holman}, Matthew J. and {Howard}, Andrew W. and {Ida}, Shigeru and {Jenkins}, Jon M. and {Jernigan}, Garrett and {Johnson}, John Asher and {Kaltenegger}, Lisa and {Kawai}, Nobuyuki and {Kjeldsen}, Hans and {Laughlin}, Gregory and {Levine}, Alan M. and {Lin}, Douglas and {Lissauer}, Jack J. and {MacQueen}, Phillip and {Marcy}, Geoffrey and {McCullough}, Peter R. and {Morton}, Timothy D. and {Narita}, Norio and {Paegert}, Martin and {Palle}, Enric and {Pepe}, Francesco and {Pepper}, Joshua and {Quirrenbach}, Andreas and {Rinehart}, Stephen A. and {Sasselov}, Dimitar and {Sato}, Bun'ei and {Seager}, Sara and {Sozzetti}, Alessandro and {Stassun}, Keivan G. and {Sullivan}, Peter and {Szentgyorgyi}, Andrew and {Torres}, Guillermo and {Udry}, Stephane and {Villasenor}, Joel},
        title = "{Transiting Exoplanet Survey Satellite (TESS)}",
      journal = {Journal of Astronomical Telescopes, Instruments, and Systems},
         year = 2015,
        month = jan,
       volume = {1},
          eid = {014003},
        pages = {014003},
          doi = {10.1117/1.JATIS.1.1.014003},
       adsurl = {https://ui.adsabs.harvard.edu/abs/2015JATIS...1a4003R},
      adsnote = {Provided by the SAO/NASA Astrophysics Data System}
}


@inproceedings{10.1117/12.897767,
author = {Jon M. Jenkins and Jeb Dunnuck},
title = {{The little photometer that could: technical challenges and science results from the Kepler Mission}},
volume = {8146},
booktitle = {UV/Optical/IR Space Telescopes and Instruments: Innovative Technologies and Concepts V},
editor = {Howard A. MacEwen and James B. Breckinridge},
organization = {International Society for Optics and Photonics},
publisher = {SPIE},
pages = {814602},
keywords = {Kepler Mission, exoplanet, transit, photometry, data compression, systematic error correction},
year = {2011},
doi = {10.1117/12.897767},
URL = {https://doi.org/10.1117/12.897767}
}


@ARTICLE{2010Sci...327..977B,
       author = {{Borucki}, William J. and {Koch}, David and {Basri}, Gibor and {Batalha}, Natalie and {Brown}, Timothy and {Caldwell}, Douglas and {Caldwell}, John and {Christensen-Dalsgaard}, J{\o}rgen and {Cochran}, William D. and {DeVore}, Edna and {Dunham}, Edward W. and {Dupree}, Andrea K. and {Gautier}, Thomas N. and {Geary}, John C. and {Gilliland}, Ronald and {Gould}, Alan and {Howell}, Steve B. and {Jenkins}, Jon M. and {Kondo}, Yoji and {Latham}, David W. and {Marcy}, Geoffrey W. and {Meibom}, S{\o}ren and {Kjeldsen}, Hans and {Lissauer}, Jack J. and {Monet}, David G. and {Morrison}, David and {Sasselov}, Dimitar and {Tarter}, Jill and {Boss}, Alan and {Brownlee}, Don and {Owen}, Toby and {Buzasi}, Derek and {Charbonneau}, David and {Doyle}, Laurance and {Fortney}, Jonathan and {Ford}, Eric B. and {Holman}, Matthew J. and {Seager}, Sara and {Steffen}, Jason H. and {Welsh}, William F. and {Rowe}, Jason and {Anderson}, Howard and {Buchhave}, Lars and {Ciardi}, David and {Walkowicz}, Lucianne and {Sherry}, William and {Horch}, Elliott and {Isaacson}, Howard and {Everett}, Mark E. and {Fischer}, Debra and {Torres}, Guillermo and {Johnson}, John Asher and {Endl}, Michael and {MacQueen}, Phillip and {Bryson}, Stephen T. and {Dotson}, Jessie and {Haas}, Michael and {Kolodziejczak}, Jeffrey and {Van Cleve}, Jeffrey and {Chandrasekaran}, Hema and {Twicken}, Joseph D. and {Quintana}, Elisa V. and {Clarke}, Bruce D. and {Allen}, Christopher and {Li}, Jie and {Wu}, Haley and {Tenenbaum}, Peter and {Verner}, Ekaterina and {Bruhweiler}, Frederick and {Barnes}, Jason and {Prsa}, Andrej},
        title = "{Kepler Planet-Detection Mission: Introduction and First Results}",
      journal = {Science},
     keywords = {ASTRONOMY},
         year = 2010,
        month = feb,
       volume = {327},
       number = {5968},
        pages = {977},
          doi = {10.1126/science.1185402},
       adsurl = {https://ui.adsabs.harvard.edu/abs/2010Sci...327..977B},
      adsnote = {Provided by the SAO/NASA Astrophysics Data System}
}

@article{theis2022lossy,
  title={Lossy compression with gaussian diffusion},
  author={Theis, Lucas and Salimans, Tim and Hoffman, Matthew D and Mentzer, Fabian},
  journal={arXiv preprint arXiv:2206.08889},
  year={2022}
}

@INPROCEEDINGS{Bezerra,
	title = {International Networking in support of Extremely Large Astronomical Data-centric Operations},
	booktitle = {Astronomical Data Analysis Software and Systems (ADASS XXVII) conference},
	year = {2017},
	month = {10/2017},
	address = {Santiago, Chile},
	author = {Jeronimo Bezerra and Vinicius Arcanjo and Julio Ibarra and Jeff Kantor and Ron Lambert and Matt Kollross and Albert Astudillo and Shahram Sobhani and Sandra Jaque and Donald Petravick and Heidi Morgan and Luiz Lopez}
}

@INPROCEEDINGS{2010SPIE.7735E..0JK,
       author = {{Kahn}, S.~M. and {Kurita}, N. and {Gilmore}, K. and {Nordby}, M. and {O'Connor}, P. and {Schindler}, R. and {Oliver}, J. and {Van Berg}, R. and {Olivier}, S. and {Riot}, V. and {Antilogus}, P. and {Schalk}, T. and {Huffer}, M. and {Bowden}, G. and {Singal}, J. and {Foss}, M.},
        title = "{Design and development of the 3.2 gigapixel camera for the Large Synoptic Survey Telescope}",
    booktitle = {Ground-based and Airborne Instrumentation for Astronomy III},
         year = 2010,
       editor = {{McLean}, Ian S. and {Ramsay}, Suzanne K. and {Takami}, Hideki},
       series = {Society of Photo-Optical Instrumentation Engineers (SPIE) Conference Series},
       volume = {7735},
        month = jul,
          eid = {77350J},
        pages = {77350J},
          doi = {10.1117/12.857920},
       adsurl = {https://ui.adsabs.harvard.edu/abs/2010SPIE.7735E..0JK},
      adsnote = {Provided by the SAO/NASA Astrophysics Data System}
}


@inproceedings{blau2018perception,
  title={The perception-distortion tradeoff},
  author={Blau, Yochai and Michaeli, Tomer},
  booktitle={Proceedings of the IEEE conference on computer vision and pattern recognition},
  pages={6228--6237},
  year={2018}
}

@article{dubois2021lossy,
  title={Lossy compression for lossless prediction},
  author={Dubois, Yann and Bloem-Reddy, Benjamin and Ullrich, Karen and Maddison, Chris J},
  journal={Advances in Neural Information Processing Systems},
  volume={34},
  pages={14014--14028},
  year={2021}
}

@inproceedings{matsubara2022supervised,
  title={Supervised compression for resource-constrained edge computing systems},
  author={Matsubara, Yoshitomo and Yang, Ruihan and Levorato, Marco and Mandt, Stephan},
  booktitle={Proceedings of the IEEE/CVF Winter Conference on Applications of Computer Vision},
  pages={2685--2695},
  year={2022}
}

@ARTICLE{1998ApJ...492L..95T,
       author = {{Thompson}, Rodger I. and {Rieke}, Marcia and {Schneider}, Glenn and {Hines}, Dean C. and {Corbin}, Michael R.},
        title = "{Initial On-Orbit Performance of NICMOS}",
      journal = {APJL},
     keywords = {INSTRUMENTATION: DETECTORS, MISCELLANEOUS, SPACE VEHICLES, Instrumentation: Detectors, Miscellaneous, Space Vehicles},
         year = 1998,
        month = jan,
       volume = {492},
       number = {2},
        pages = {L95-L97},
          doi = {10.1086/311095},
       adsurl = {https://ui.adsabs.harvard.edu/abs/1998ApJ...492L..95T},
      adsnote = {Provided by the SAO/NASA Astrophysics Data System}
}

@inproceedings{rezende2015variational,
  title={Variational inference with normalizing flows},
  author={Rezende, Danilo and Mohamed, Shakir},
  booktitle={International conference on machine learning},
  pages={1530--1538},
  year={2015},
  organization={PMLR}
}

@ARTICLE{2023PASP..135f8001G,
       author = {{Gardner}, Jonathan P. and others},
        title = "{The James Webb Space Telescope Mission}",
      journal = {PASP},
     keywords = {Space vehicle instruments, Astronomical instrumentation, Infrared astronomy, Infrared observatories, Space observatories, History of astronomy, 1548, 799, 786, 791, 1543, 1868, Astrophysics - Instrumentation and Methods for Astrophysics},
         year = 2023,
        month = jun,
       volume = {135},
       number = {1048},
          eid = {068001},
        pages = {068001},
          doi = {10.1088/1538-3873/acd1b5},
archivePrefix = {arXiv},
       eprint = {2304.04869},
 primaryClass = {astro-ph.IM},
       adsurl = {https://ui.adsabs.harvard.edu/abs/2023PASP..135f8001G},
      adsnote = {Provided by the SAO/NASA Astrophysics Data System}
}

@ARTICLE{2023Natur.620...47W,
       author = {{Wang}, Hanchen and {Fu}, Tianfan and {Du}, Yuanqi and {Gao}, Wenhao and {Huang}, Kexin and {Liu}, Ziming and {Chandak}, Payal and {Liu}, Shengchao and {Van Katwyk}, Peter and {Deac}, Andreea and {Anandkumar}, Anima and {Bergen}, Karianne and {Gomes}, Carla P. and {Ho}, Shirley and {Kohli}, Pushmeet and {Lasenby}, Joan and {Leskovec}, Jure and {Liu}, Tie-Yan and {Manrai}, Arjun and {Marks}, Debora and {Ramsundar}, Bharath and {Song}, Le and {Sun}, Jimeng and {Tang}, Jian and {Veli{\v{c}}kovi{\'c}}, Petar and {Welling}, Max and {Zhang}, Linfeng and {Coley}, Connor W. and {Bengio}, Yoshua and {Zitnik}, Marinka},
        title = "{Scientific discovery in the age of artificial intelligence}",
      journal = {Nature},
         year = 2023,
        month = aug,
       volume = {620},
       number = {7972},
        pages = {47-60},
          doi = {10.1038/s41586-023-06221-2},
       adsurl = {https://ui.adsabs.harvard.edu/abs/2023Natur.620...47W},
      adsnote = {Provided by the SAO/NASA Astrophysics Data System}
}



@article{RevModPhys.91.045002,
  title = {Machine learning and the physical sciences},
  author = {Carleo, Giuseppe and Cirac, Ignacio and Cranmer, Kyle and Daudet, Laurent and Schuld, Maria and Tishby, Naftali and Vogt-Maranto, Leslie and Zdeborov\'a, Lenka},
  journal = {Rev. Mod. Phys.},
  volume = {91},
  issue = {4},
  pages = {045002},
  numpages = {39},
  year = {2019},
  month = {Dec},
  publisher = {American Physical Society},
  doi = {10.1103/RevModPhys.91.045002},
  url = {https://link.aps.org/doi/10.1103/RevModPhys.91.045002}
}

@ARTICLE{2022NatRP...4..413T,
       author = {{Thiyagalingam}, Jeyan and {Shankar}, Mallikarjun and {Fox}, Geoffrey and {Hey}, Tony},
        title = "{Scientific machine learning benchmarks}",
      journal = {Nature Reviews Physics},
     keywords = {Computer Science - Machine Learning, Physics - Computational Physics, I.2},
         year = 2022,
        month = apr,
       volume = {4},
       number = {6},
        pages = {413-420},
          doi = {10.1038/s42254-022-00441-7},
archivePrefix = {arXiv},
       eprint = {2110.12773},
 primaryClass = {cs.LG},
       adsurl = {https://ui.adsabs.harvard.edu/abs/2022NatRP...4..413T},
      adsnote = {Provided by the SAO/NASA Astrophysics Data System}
}



@ARTICLE{2005PASP..117.1049S,
       author = {{Sirianni}, M. and {Jee}, M.~J. and {Ben{\'\i}tez}, N. and {Blakeslee}, J.~P. and {Martel}, A.~R. and {Meurer}, G. and {Clampin}, M. and {De Marchi}, G. and {Ford}, H.~C. and {Gilliland}, R. and {Hartig}, G.~F. and {Illingworth}, G.~D. and {Mack}, J. and {McCann}, W.~J.},
        title = "{The Photometric Performance and Calibration of the Hubble Space Telescope Advanced Camera for Surveys}",
      journal = {PASP},
     keywords = {Instrumentation: Detectors, Instrumentation: Photometers, Techniques: Photometric, Methods: Data Analysis, Astrophysics},
         year = 2005,
        month = oct,
       volume = {117},
       number = {836},
        pages = {1049-1112},
          doi = {10.1086/444553},
archivePrefix = {arXiv},
       eprint = {astro-ph/0507614},
 primaryClass = {astro-ph},
       adsurl = {https://ui.adsabs.harvard.edu/abs/2005PASP..117.1049S},
      adsnote = {Provided by the SAO/NASA Astrophysics Data System}
}




@article{PeyreCuturi.19,
author = {Gabriel Peyr{\'e} and Marco Cuturi},
title = {Computational Optimal Transport: With Applications to Data Science},
_url = {http://dx.doi.org/10.1561/2200000073},
year = {2019},
volume = {11},
journal = {Foundations and Trends in Machine Learning},
_doi = {10.1561/2200000073},
_issn = {1935-8237},
number = {5-6},
pages = {355-607}
}
@misc{pixelcn,
  doi = {10.48550/ARXIV.1701.05517},
  url = {https://arxiv.org/abs/1701.05517},
  author = {Salimans,  Tim and Karpathy,  Andrej and Chen,  Xi and Kingma,  Diederik P.},
  keywords = {Machine Learning (cs.LG),  Machine Learning (stat.ML),  FOS: Computer and information sciences,  FOS: Computer and information sciences},
  title = {PixelCNN++: Improving the PixelCNN with Discretized Logistic Mixture Likelihood and Other Modifications},
  publisher = {ICLR 2017},
  year = {2017},
}

@article{kingma2021variational,
  title={Variational diffusion models},
  author={Kingma, Diederik and Salimans, Tim and Poole, Ben and Ho, Jonathan},
  journal={Advances in neural information processing systems},
  volume={34},
  pages={21696--21707},
  year={2021}
}
@article{hoogeboom2019integer,
  title={Integer discrete flows and lossless compression},
  author={Hoogeboom, Emiel and Peters, Jorn and Van Den Berg, Rianne and Welling, Max},
  journal={Advances in Neural Information Processing Systems},
  volume={32},
  year={2019}
}

@article{balle2017end,
  title={End-to-end optimized image compression},
  author={Ball{\'e}, Johannes and Laparra, Valero and Simoncelli, Eero P},
  journal={International Conference on Learning Representations},
  year={2017}
}

@inproceedings{hayne2021using,
  title={Using neural networks for two dimensional scientific data compression},
  author={Hayne, Lucas and Clyne, John and Li, Shaomeng},
  booktitle={2021 IEEE International Conference on Big Data (Big Data)},
  pages={2956--2965},
  year={2021},
  organization={IEEE}
}

@article{theis2017lossy,
  title={Lossy image compression with compressive autoencoders},
  author={Theis, Lucas and Shi, Wenzhe and Cunningham, Andrew and Husz{\'a}r, Ferenc},
  journal={International Conference on Learning Representations},
  year={2017}
}

@article{balle2018variational,
  title={Variational image compression with a scale hyperprior},
  author={Ball{\'e}, Johannes and Minnen, David and Singh, Saurabh and Hwang, Sung Jin and Johnston, Nick},
  journal={International Conference on Learning Representations},
  year={2018}
}
@inproceedings{liu2022lossless,
  title={Lossless Compression with Probabilistic Circuits},
  author={Liu, Anji and Mandt, Stephan and Van den Broeck, Guy},
  booktitle={Proceedings of the International Conference on Learning Representations (ICLR)},
  year={2022}
}
@inproceedings{baker2014methodology,
  title={A methodology for evaluating the impact of data compression on climate simulation data},
  author={Baker, Allison H and Xu, Haiying and Dennis, John M and Levy, Michael N and Nychka, Doug and Mickelson, Sheri A and Edwards, Jim and Vertenstein, Mariana and Wegener, Al},
  booktitle={Proceedings of the 23rd international symposium on High-performance parallel and distributed computing},
  pages={203--214},
  year={2014}
}
@inproceedings{choi2021neural,
  title={Neural data compression for physics plasma simulation},
  author={Choi, Jong and Churchill, Michael and Gong, Qian and Ku, Seung-Hoe and Lee, Jaemoon and Rangarajan, Anand and Ranka, Sanjay and Pugmire, Dave and Chang, CS and Klasky, Scott},
  booktitle={Neural Compression: From Information Theory to Applications--Workshop@ ICLR 2021},
  year={2021}
}
@inproceedings{huang2023compressing,
  title={Compressing multidimensional weather and climate data into neural networks},
  author={Huang, Langwen and Hoefler, Torsten},
  booktitle={The Eleventh International Conference on Learning Representations},
  year={2023}
}

@inproceedings{minnen2018joint,
  title={Joint autoregressive and hierarchical priors for learned image compression},
  author={Minnen, David and Ball{\'e}, Johannes and Toderici, George D},
  booktitle={Advances in Neural Information Processing Systems},
  pages={10771--10780},
  year={2018}
}

@InProceedings{lee2019context,
    author = {Lee, Jooyoung and Cho, Seunghyun and Beack, Seung-Kwon},
    title = {Context-adaptive Entropy Model for End-to-end Optimized Image Compression},
    booktitle = {the 7th Int. Conf. on Learning Representations},
    month = {May},
    year = {2019}
}

@article{johnston2019computationally,
  title={Computationally Efficient Neural Image Compression},
  author={Johnston, Nick and Eban, Elad and Gordon, Ariel and Ball{\'e}, Johannes},
  journal={arXiv preprint arXiv:1912.08771},
  year={2019}
}

@inproceedings{mentzer2019practical,
  title={Practical full resolution learned lossless image compression},
  author={Mentzer, Fabian and Agustsson, Eirikur and Tschannen, Michael and Timofte, Radu and Gool, Luc Van},
  booktitle={Proceedings of the IEEE Conference on Computer Vision and Pattern Recognition},
  pages={10629--10638},
  year={2019}
}

@inproceedings{krishnan2018challenges,
  title={On the challenges of learning with inference networks on sparse, high-dimensional data},
  author={Krishnan, Rahul and Liang, Dawen and Hoffman, Matthew},
  booktitle={International Conference on Artificial Intelligence and Statistics},
  pages={143--151},
  year={2018}
}

@inproceedings{hjelm2016iterative,
  title={Iterative refinement of the approximate posterior for directed belief networks},
  author={Hjelm, Devon and Salakhutdinov, Russ R and Cho, Kyunghyun and Jojic, Nebojsa and Calhoun, Vince and Chung, Junyoung},
  booktitle={Advances in Neural Information Processing Systems},
  pages={4691--4699},
  year={2016}
}


@inproceedings{kim2018semi,
  title={Semi-Amortized Variational Autoencoders},
  author={Kim, Yoon and Wiseman, Sam and Miller, Andrew and Sontag, David and Rush, Alexander},
  booktitle={International Conference on Machine Learning},
  pages={2678--2687},
  year={2018}
}

@article{hoffman2013stochastic,
  title={Stochastic variational inference},
  author={Hoffman, Matthew D and Blei, David M and Wang, Chong and Paisley, John},
  journal={The Journal of Machine Learning Research},
  volume={14},
  number={1},
  pages={1303--1347},
  year={2013},
  publisher={JMLR. org}
}

@inproceedings{gregor2016towards,
  title={Towards conceptual compression},
  author={Gregor, Karol and Besse, Frederic and Rezende, Danilo Jimenez and Danihelka, Ivo and Wierstra, Daan},
  booktitle={Advances In Neural Information Processing Systems},
  pages={3549--3557},
  year={2016}
}

@article{toderici2016variable,
  title={Variable rate image compression with recurrent neural networks},
  author={Toderici, George and O'Malley, Sean M and Hwang, Sung Jin and Vincent, Damien and Minnen, David and Baluja, Shumeet and Covell, Michele and Sukthankar, Rahul},
  journal={International Conference on Learning Representations},
  year={2016}
}

@inproceedings{toderici2017full,
  title={Full Resolution Image Compression with Recurrent Neural Networks},
  author={Toderici, George and Vincent, Damien and Johnston, Nick and Hwang, Sung Jin and Minnen, David and Shor, Joel and Covell, Michele},
  booktitle={2017 IEEE Conference on Computer Vision and Pattern Recognition (CVPR)},
  pages={5435--5443},
  year={2017},
}

@inproceedings{johnston2018improved,
  title={Improved lossy image compression with priming and spatially adaptive bit rates for recurrent networks},
  author={Johnston, Nick and Vincent, Damien and Minnen, David and Covell, Michele and Singh, Saurabh and Chinen, Troy and Jin Hwang, Sung and Shor, Joel and Toderici, George},
  booktitle={Proceedings of the IEEE Conference on Computer Vision and Pattern Recognition},
  pages={4385--4393},
  year={2018}
}

@article{dinh2016density,
  title={Density estimation using real nvp},
  author={Dinh, Laurent and Sohl-Dickstein, Jascha and Bengio, Samy},
  journal={arXiv preprint arXiv:1605.08803},
  year={2016}
}


@article{oord2016pixel,
  title={Pixel recurrent neural networks},
  author={Oord, Aaron van den and Kalchbrenner, Nal and Kavukcuoglu, Koray},
  journal={arXiv preprint arXiv:1601.06759},
  year={2016}
}


@inproceedings{kingma2018glow,
  title={Glow: Generative flow with invertible 1x1 convolutions},
  author={Kingma, Durk P and Dhariwal, Prafulla},
  booktitle={Advances in Neural Information Processing Systems},
  pages={10215--10224},
  year={2018}
}

@article{oord2016wavenet,
  title={Wavenet: A generative model for raw audio},
  author={Oord, Aaron van den and Dieleman, Sander and Zen, Heiga and Simonyan, Karen and Vinyals, Oriol and Graves, Alex and Kalchbrenner, Nal and Senior, Andrew and Kavukcuoglu, Koray},
  journal={arXiv preprint arXiv:1609.03499},
  year={2016}
}


@article{townsend2019practical,
  title={Practical lossless compression with latent variables using bits back coding},
  author={Townsend, James and Bird, Tom and Barber, David},
  journal={arXiv preprint arXiv:1901.04866},
  year={2019}
}

@inproceedings{alemi2018fixing,
  title={Fixing a broken {ELBO}},
  author={Alemi, Alexander and Poole, Ben and Fischer, Ian and Dillon, Joshua and Saurous, Rif A and Murphy, Kevin},
  booktitle={International Conference on Machine Learning},
  pages={159--168},
  year={2018},
  organization={PMLR}
}

@inproceedings{wallace1990classification,
  title={Classification by minimum-message-length inference},
  author={Wallace, Chris S},
  booktitle={International Conference on Computing and Information},
  pages={72--81},
  year={1990},
  organization={Springer}
}

@inproceedings{hinton1993keeping,
  title={Keeping the neural networks simple by minimizing the description length of the weights},
  author={Hinton, Geoffrey E and Van Camp, Drew},
  booktitle={Proceedings of the sixth annual conference on Computational learning theory},
  pages={5--13},
  year={1993}
}


@article{honkela2004variational,
  title={Variational learning and bits-back coding: an information-theoretic view to Bayesian learning},
  author={Honkela, Antti and Valpola, Harri},
  journal={IEEE transactions on Neural Networks},
  volume={15},
  number={4},
  pages={800--810},
  year={2004},
  publisher={IEEE}
}

@article{frey1997efficient,
  title={Efficient stochastic source coding and an application to a Bayesian network source model},
  author={Frey, Brendan J. and Hinton, Geoffrey E.},
  journal={The Computer Journal},
  volume={40},
  number={2\_and\_3},
  pages={157--165},
  year={1997},
  publisher={Oxford University Press}
}

@article{townsend2019hilloc,
  title={HiLLoC: Lossless Image Compression with Hierarchical Latent Variable Models},
  author={Townsend, James and Bird, Thomas and Kunze, Julius and Barber, David},
  journal={arXiv preprint arXiv:1912.09953},
  year={2019}
}

@article{cisco2017forecast,
  title={Forecast and Methodology, 2016-2021},
  author={Cisco, Visual Network Index},
  journal={White Paper},
  year={2017}
}

@article{kingma2019bit,
  title={Bit-swap: Recursive bits-back coding for lossless compression with hierarchical latent variables},
  author={Kingma, Friso H and Abbeel, Pieter and Ho, Jonathan},
  journal={arXiv preprint arXiv:1905.06845},
  year={2019}
}


@inproceedings{ho2019compression,
  title={Compression with Flows via Local Bits-Back Coding},
  author={Ho, Jonathan and Lohn, Evan and Abbeel, Pieter},
  booktitle={Advances in Neural Information Processing Systems},
  pages={3874--3883},
  year={2019}
}
@inproceedings{rezende2014stochastic,
  title={Stochastic Backpropagation and Approximate Inference in Deep Generative Models},
  author={Rezende, Danilo Jimenez and Mohamed, Shakir and Wierstra, Daan},
  booktitle={International Conference on Machine Learning},
  pages={1278--1286},
  year={2014}
}
@article{kingma2013auto,
  title={Auto-encoding variational bayes},
  author={Kingma, Diederik P and Welling, Max},
  journal={arXiv preprint arXiv:1312.6114},
  year={2013}
}

@inproceedings{cremer2018inference,
  title={Inference Suboptimality in Variational Autoencoders},
  author={Cremer, Chris and Li, Xuechen and Duvenaud, David},
  booktitle={International Conference on Machine Learning},
  pages={1078--1086},
  year={2018}
}

@article{randers1997mng,
  title={MNG: a multiple-image format in the PNG family},
  author={Randers-Pehrson, Glenn},
  journal={World Wide Web Journal},
  volume={2},
  number={1},
  pages={209--211},
  year={1997},
  publisher={O'Reilly \& Associates, Inc. Sebastopol, CA, USA}
}


@inproceedings{habibian2019video,
  title={Video compression with rate-distortion autoencoders},
  author={Habibian, Amirhossein and Rozendaal, Ties van and Tomczak, Jakub M and Cohen, Taco S},
  booktitle={Proceedings of the IEEE International Conference on Computer Vision},
  pages={7033--7042},
  year={2019}
}

@inproceedings{yang2020variable,
  title={{Variational Bayesian Quantization}},
  author={Yang, Yibo and Bamler, Robert and Mandt, Stephan},
  booktitle={International Conference on Machine Learning},
  year={2020}
}


@inproceedings{kingma2016improved,
  title={Improved variational inference with inverse autoregressive flow},
  author={Kingma, Durk P and Salimans, Tim and Jozefowicz, Rafal and Chen, Xi and Sutskever, Ilya and Welling, Max},
  booktitle={Advances in neural information processing systems},
  pages={4743--4751},
  year={2016}
}

@article{higgins2017beta,
  title={beta-VAE: Learning Basic Visual Concepts with a Constrained Variational Framework.},
  author={Higgins, Irina and Matthey, Loic and Pal, Arka and Burgess, Christopher and Glorot, Xavier and Botvinick, Matthew and Mohamed, Shakir and Lerchner, Alexander},
  journal={Iclr},
  volume={2},
  number={5},
  pages={6},
  year={2017}
}


@article{huang2020rd,
  title={Evaluating Lossy Compression Rates of Deep Generative Models},
  author={Huang, Sicong and Makhzani, Alireza and Cao, Yanshuai and Grosse, Roger},
  journal={International Conference on Machine Learning},
  year={2020}
}
  

@inproceedings{kostina2016shannon,
  title={When is Shannon's lower bound tight at finite blocklength?},
  author={Kostina, Victoria},
  booktitle={2016 54th Annual Allerton Conference on Communication, Control, and Computing (Allerton)},
  pages={982--989},
  year={2016},
  organization={IEEE}
}

@article{mahoney2009rationale,
  title={Rationale for a large text compression benchmark},
  author={Mahoney, Matt},
  journal={Retrieved (Oct. 1st, 2021) from: http://mattmahoney.net/dc/rationale.html},
  year={2009}
}

@article{witten1987arithmetic,
  title={Arithmetic coding for data compression},
  author={Witten, Ian H and Neal, Radford M and Cleary, John G},
  journal={Communications of the ACM},
  volume={30},
  number={6},
  pages={520--540},
  year={1987},
  publisher={ACM New York, NY, USA}
}


@article{Shannon1948,
    author={C. E. Shannon},
    title={{A Mathematical Theory of Communication}},
    journal={Bell System Technical Journal},
    volume=27,
    pages={379–423},
    year=1948
}


@article{shannon1959coding,
  title={Coding theorems for a discrete source with a fidelity criterion},
  author={Shannon, CE},
  journal={IRE Nat. Conv. Rec., March 1959},
  volume={4},
  pages={142--163},
  year={1959}
}

@article{fleisher1964sufficient,
  title={Sufficient conditions for achieving minimum distortion in a quantizer},
  author={Fleisher, PE},
  journal={IEEE Int. Conv. Rec.},
  pages={104--111},
  year={1964}
}

@article{lloyd1982least,
  title={Least squares quantization in PCM},
  author={Lloyd, Stuart},
  journal={IEEE transactions on information theory},
  volume={28},
  number={2},
  pages={129--137},
  year={1982},
  publisher={IEEE}
}

@article{chou1989entropy,
  title={Entropy-constrained vector quantization},
  author={Chou, Philip A and Lookabaugh, Tom and Gray, Robert M},
  journal={IEEE Transactions on Acoustics, Speech, and Signal Processing},
  volume={37},
  number={1},
  pages={31--42},
  year={1989},
  publisher={IEEE}
}


@inproceedings{NIPS2019_9127,
title = {Deep Generative Video Compression},
author = {Lombardo, Salvator and Han, Jun and Schroers, Christopher and Mandt, Stephan},
booktitle = {Advances in Neural Information Processing Systems 32},
pages = {9287--9298},
year = {2019}
}

@inproceedings{agustsson2017soft,
  title={Soft-to-hard vector quantization for end-to-end learning compressible representations},
  author={Agustsson, Eirikur and Mentzer, Fabian and Tschannen, Michael and Cavigelli, Lukas and Timofte, Radu and Benini, Luca and Gool, Luc V},
  booktitle={Advances in Neural Information Processing Systems},
  year={2017}
}

@article{bengio2013estimating,
  title={Estimating or propagating gradients through stochastic neurons for conditional computation},
  author={Bengio, Yoshua and L{\'e}onard, Nicholas and Courville, Aaron},
  journal={arXiv preprint arXiv:1308.3432},
  year={2013}
}

@article{jang2016categorical,
  title={Categorical reparameterization with gumbel-softmax},
  author={Jang, Eric and Gu, Shixiang and Poole, Ben},
  journal={arXiv preprint arXiv:1611.01144},
  year={2016}
}

@article{maddison2016concrete,
  title={The concrete distribution: A continuous relaxation of discrete random variables},
  author={Maddison, Chris J and Mnih, Andriy and Teh, Yee Whye},
  journal={arXiv preprint arXiv:1611.00712},
  year={2016}
}

@article{oord2017neural,
  title={Neural discrete representation learning},
  author={Oord, Aaron van den and Vinyals, Oriol and Kavukcuoglu, Koray},
  journal={arXiv preprint arXiv:1711.00937},
  year={2017}
}

@inproceedings{havrylov2017emergence,
  title={Emergence of language with multi-agent games: Learning to communicate with sequences of symbols},
  author={Havrylov, Serhii and Titov, Ivan},
  booktitle={Advances in neural information processing systems},
  pages={2149--2159},
  year={2017}
}

@inproceedings{marino2018iterative,
  title = {Iterative Amortized Inference},
  author = {Marino, Joe and Yue, Yisong and Mandt, Stephan},
  booktitle = {Proceedings of the 35th International Conference on Machine Learning},
  pages = {3403--3412},
  year = {2018}
}

@article{blei2017variational,
  title={Variational inference: A review for statisticians},
  author={Blei, David M and Kucukelbir, Alp and McAuliffe, Jon D},
  journal={Journal of the American statistical Association},
  volume={112},
  number={518},
  pages={859--877},
  year={2017},
  publisher={Taylor \& Francis}
}

@article{zhang2019advances,
  title={Advances in variational inference},
  author={Zhang, Cheng and Butepage, Judith and Kjellstrom, Hedvig and Mandt, Stephan},
  journal={IEEE transactions on pattern analysis and machine intelligence},
  year={2019},
  publisher={IEEE}
}

@inproceedings{beal2003variational,
  title={The variational {Bayesian EM} algorithm for incomplete data: with application to scoring graphical model structures},
  author={Beal, Matthew J and Ghahramani, Zoubin},
  booktitle={Bayesian Statistics 7: Proceedings of the Seventh Valencia International Meeting},
  volume={7},
  pages={453--464},
  year={2003},
  organization={Oxford University Press}
}

@article{yin2019understanding,
  title={Understanding straight-through estimator in training activation quantized neural nets},
  author={Yin, Penghang and Lyu, Jiancheng and Zhang, Shuai and Osher, Stanley and Qi, Yingyong and Xin, Jack},
  journal={arXiv preprint arXiv:1903.05662},
  year={2019}
}


@misc{CLIC2018,
  title = {{CLIC 2018 Workshop and Challenge on Learned Image Compression}},
  howpublished = {\url{https://www.compression.cc/2018/}},
  note = {Accessed: 2020-04-09}
}

@misc{kodak,
  title = "Kodak Lossless True Color Image Suite ({PhotoCD PCD0992})",
  author = "Eastman Kodak",
  url = "http://r0k.us/graphics/kodak",
}

@misc{tensorflow-compression,
  title = "Tensorflow-Compression: Data compression in TensorFlow",
  author = "Ballé, Johannes and Hwang, Sung Jin and Johnston, Nick and Minnen, David",
  url = "https://github.com/tensorflow/compression",
}

@inproceedings{tecnick,
  author = "N. Asuni and A. Giachetti",
  title = "{TESTIMAGES}: A large-scale archive for testing visual devices and basic image processing algorithms {(SAMPLING 1200 RGB set)}",
  year = "2014",
  booktitle = "{STAG}: Smart Tools and Apps for Graphics",
  url = "https://sourceforge.net/projects/testimages/files/OLD/OLD_SAMPLING/testimages.zip",
}


@article{bjontegaard2001calculation,
  title={Calculation of average PSNR differences between RD-curves},
  author={Bjontegaard, Gisle},
  journal={VCEG-M33},
  year={2001}
}

@article{greensmith2004variance,
  title={Variance reduction techniques for gradient estimates in reinforcement learning},
  author={Greensmith, Evan and Bartlett, Peter L and Baxter, Jonathan},
  journal={Journal of Machine Learning Research},
  volume={5},
  number={Nov},
  pages={1471--1530},
  year={2004}
}

@misc{bellard2014bpg,
  title={{BPG} Specification},
  author={Bellard, Fabrice},
  url="https://bellard.org/bpg/bpg_spec.txt",
  year={2014},
  note="(accessed June 3, 2020)"
}

@article{adams2001jpeg,
  title={The JPEG-2000 still image compression standard},
  author={Adams, Michael D},
  year={2001},
}


@inproceedings{campos2019content,
  title={Content Adaptive Optimization for Neural Image Compression},
  author={Campos, Joaquim and Meierhans, Simon and Djelouah, Abdelaziz and Schroers, Christopher},
  booktitle={Proceedings of the IEEE Conference on Computer Vision and Pattern Recognition Workshops},
  year={2019}
}

@article{williams1992simple,
  title={Simple statistical gradient-following algorithms for connectionist reinforcement learning},
  author={Williams, Ronald J},
  journal={Machine learning},
  volume={8},
  number={3-4},
  pages={229--256},
  year={1992},
  publisher={Springer}
}

@inproceedings{kingma2015adam,
  title={Adam: A method for stochastic gradient descent},
  author={Kingma, Diederik P and Ba, Jimmy Lei},
  booktitle={International Conference on Learning Representations},
  year={2015}
}

@article{mentzer2020high,
  title={High-fidelity generative image compression},
  author={Mentzer, Fabian and Toderici, George D and Tschannen, Michael and Agustsson, Eirikur},
  journal={Advances in Neural Information Processing Systems},
  volume={33},
  pages={11913--11924},
  year={2020}
}

@article{yang2023lossy,
  title={Lossy image compression with conditional diffusion models},
  author={Yang, Ruihan and Mandt, Stephan},
  journal={Advances in Neural Information Processing Systems},
  volume={36},
  year={2023}
}

@article{yang2020hierarchical,
  title={Hierarchical Autoregressive Modeling for Neural Video Compression},
  author={Ruihan Yang and Yibo Yang and Joseph Marino and Stephan Mandt},
  journal={arXiv preprint arXiv:2010.10258},
  year={2020}
}

@article{rigollet2018entropic,
  title={Entropic optimal transport is maximum-likelihood deconvolution},
  author={Rigollet, Philippe and Weed, Jonathan},
  journal={Comptes Rendus Mathematique},
  volume={356},
  number={11-12},
  pages={1228--1235},
  year={2018},
  publisher={Elsevier}
}
@article{mena2019statistical,
  title={Statistical bounds for entropic optimal transport: sample complexity and the central limit theorem},
  author={Mena, Gonzalo and Niles-Weed, Jonathan},
  journal={Advances in Neural Information Processing Systems},
  volume={32},
  year={2019}
}
@article{chizat2022mean,
  title={Mean-field langevin dynamics: Exponential convergence and annealing},
  author={Chizat, L{\'e}na{\"\i}c},
  journal={arXiv preprint arXiv:2202.01009},
  year={2022}
}

@article{carlier2022lipschitz,
	title={Lipschitz Continuity of the {S}chr\"{o}dinger Map in Entropic Optimal Transport},
    author={Guillaume Carlier and L\'{e}na\"{\i}c Chizat and Maxime Laborde},
	journal={arXiv preprint arXiv:2210.00225},
	year={2022}
}


@article{csiszar1974extremum,
author = {Csisz\'ar, Imre},
year = {1974},
month = {01},
pages = {},
title = {On an extremum problem of information theory},
volume = {9},
journal = {Studia Scientiarum Mathematicarum Hungarica}
}

@article{csiszar1974computation,
  author={Csisz\'ar, Imre},
  journal={IEEE Transactions on Information Theory}, 
  title={On the computation of rate-distortion functions (Corresp.)}, 
  year={1974},
  volume={20},
  number={1},
  pages={122-124},
  doi={10.1109/TIT.1974.1055146}
}

@article{csiszar1984information,
  title={Information geometry and alternating minimization procedures},
  author={Csisz{\'a}r, Imre},
  journal={Statistics and Decisions, Dedewicz},
  volume={1},
  pages={205--237},
  year={1984},
  publisher={Munich, Oldenburg Verlag}
}

@article{arimoto1972algorithm,
  title={An algorithm for computing the capacity of arbitrary discrete memoryless channels},
  author={Arimoto, Suguru},
  journal={IEEE Transactions on Information Theory},
  volume={18},
  number={1},
  pages={14--20},
  year={1972},
  publisher={IEEE}
}

@article{blahut1972computation,
  author={R. {Blahut}},
  journal={IEEE Transactions on Information Theory}, 
  title={Computation of channel capacity and rate-distortion functions}, 
  year={1972},
  volume={18},
  number={4},
  pages={460-473},
  doi={10.1109/TIT.1972.1054855}
  }
  
@article{harrison2008estimation,
   title={Estimation of the Rate–Distortion Function},
   volume={54},
   _ISSN={0018-9448},
   _url={http://dx.doi.org/10.1109/TIT.2008.926387},
   DOI={10.1109/tit.2008.926387},
   number={8},
   journal={IEEE Transactions on Information Theory},
   publisher={Institute of Electrical and Electronics Engineers (IEEE)},
   author={Harrison, Matthew T. and Kontoyiannis, Ioannis},
   year={2008},
   _month={Aug},
   pages={3757–3762}
}

@article{dembo2002source,
  title={Source coding, large deviations, and approximate pattern matching},
  author={Dembo, Amir and Kontoyiannis, L},
  journal={IEEE Transactions on Information Theory},
  volume={48},
  number={6},
  pages={1590--1615},
  year={2002},
  publisher={IEEE}
}

@inproceedings{yang2022towards,
	title        = {Towards Empirical Sandwich Bounds on the Rate-Distortion Function},
	author       = {Yang, Yibo and Mandt, Stephan},
	year         = 2022,
	booktitle    = {International Conference on Learning Representations}
}

@inproceedings{zhang2020spread,
  title={Spread divergence},
  author={Zhang, Mingtian and Hayes, Peter and Bird, Thomas and Habib, Raza and Barber, David},
  booktitle={International Conference on Machine Learning},
  pages={11106--11116},
  year={2020},
  organization={PMLR}
}

@article{yan2023learning,
  title={Learning Gaussian Mixtures Using the Wasserstein-Fisher-Rao Gradient Flow},
  author={Yan, Yuling and Wang, Kaizheng and Rigollet, Philippe},
  journal={arXiv preprint arXiv:2301.01766},
  year={2023}
}

@article{bassetti2006minimum,
  title={On minimum Kantorovich distance estimators},
  author={Bassetti, Federico and Bodini, Antonella and Regazzini, Eugenio},
  journal={Statistics \& probability letters},
  volume={76},
  number={12},
  pages={1298--1302},
  year={2006},
  publisher={Elsevier}
}

@inproceedings{ballu2020stochastic,
  title={Stochastic optimization for regularized wasserstein estimators},
  author={Ballu, Marin and Berthet, Quentin and Bach, Francis},
  booktitle={International Conference on Machine Learning},
  pages={602--612},
  year={2020},
  organization={PMLR}
}

@article{chizat2018interpolating,
  title={An interpolating distance between optimal transport and Fisher--Rao metrics},
  author={Chizat, Lenaic and Peyr{\'e}, Gabriel and Schmitzer, Bernhard and Vialard, Fran{\c{c}}ois-Xavier},
  journal={Foundations of Computational Mathematics},
  volume={18},
  pages={1--44},
  year={2018},
  publisher={Springer}
}

@article{osullivan1998alternating,
  title={Alternating minimization algorithms: from Blahut-Arimoto to expectation-maximization},
  author={O’Sullivan, Joseph A},
  journal={Codes, curves, and signals: Common threads in communications},
  pages={173--192},
  year={1998},
  publisher={Springer}
}

@article{berger1998lossy,
  title={Lossy source coding},
  author={Berger, Toby and Gibson, Jerry D},
  journal={IEEE Transactions on Information Theory},
  volume={44},
  number={6},
  pages={2693--2723},
  year={1998},
  publisher={IEEE}
}

@book{gallager1968information,
  title={Information theory and reliable communication},
  author={Gallager, Robert G},
  volume={2},
  year={1968},
  publisher={Springer}
}


@article{lei2023neural,
  title={Neural estimation of the rate-distortion function with applications to operational source coding},
  author={Lei, Eric and Hassani, Hamed and Bidokhti, Shirin Saeedi},
  journal={IEEE Journal on Selected Areas in Information Theory},
  year={2023},
  publisher={IEEE}
}

@article{nutz2021introduction,
  title={Introduction to entropic optimal transport},
  author={Nutz, Marcel},
  journal={Lecture notes, Columbia University},
  note = {\url{https://www.math.columbia.edu/~mnutz/docs/EOT_lecture_notes.pdf}}, 
  year={2021}
}

@article{cuturi2013sinkhorn,
  title={Sinkhorn distances: Lightspeed computation of optimal transport},
  author={Cuturi, Marco},
  journal={Advances in neural information processing systems},
  volume={26},
  year={2013}
}

@inproceedings{genevay2018learning,
  title={Learning generative models with sinkhorn divergences},
  author={Genevay, Aude and Peyr{\'e}, Gabriel and Cuturi, Marco},
  booktitle={International Conference on Artificial Intelligence and Statistics},
  pages={1608--1617},
  year={2018},
  organization={PMLR}
}

@article{agueh2011barycenters,
  title={Barycenters in the Wasserstein space},
  author={Agueh, Martial and Carlier, Guillaume},
  journal={SIAM Journal on Mathematical Analysis},
  volume={43},
  number={2},
  pages={904--924},
  year={2011},
  publisher={SIAM}
}

@article{kobyzev2021normalizing,
   title={Normalizing Flows: An Introduction and Review of Current Methods},
   volume={43},
   _ISSN={1939-3539},
   _url={http://dx.doi.org/10.1109/TPAMI.2020.2992934},
   _DOI={10.1109/tpami.2020.2992934},
   number={11},
   journal={IEEE Transactions on Pattern Analysis and Machine Intelligence},
   publisher={Institute of Electrical and Electronics Engineers (IEEE)},
   author={Kobyzev, Ivan and Prince, Simon J.D. and Brubaker, Marcus A.},
   year={2021},
   _month={Nov},
   pages={3964–3979}
}

@inproceedings{papamakarios2017masked,
  title={Masked autoregressive flow for density estimation},
  author={Papamakarios, George and Pavlakou, Theo and Murray, Iain},
  booktitle={Advances in Neural Information Processing Systems},
  pages={2338--2347},
  year={2017}
}

@article{yang2023introduction,
url = {http://dx.doi.org/10.1561/0600000107},
year = {2023},
volume = {15},
journal = {Foundations and Trends® in Computer Graphics and Vision},
title = {An Introduction to Neural Data Compression},
doi = {10.1561/0600000107},
issn = {1572-2740},
number = {2},
pages = {113-200},
author = {Yibo Yang and Stephan Mandt and Lucas Theis}
}


@article{gibson2017rate,
  title={Rate distortion functions and rate distortion function lower bounds for real-world sources},
  author={Gibson, Jerry},
  journal={Entropy},
  volume={19},
  number={11},
  pages={604},
  year={2017},
  publisher={Multidisciplinary Digital Publishing Institute}
}

@book{gray2011entropy,
  title={Entropy and information theory},
  author={Gray, Robert M},
  year={2011},
  publisher={Springer Science \& Business Media}
}

@article{riegler2018ratedistortion,
      title={Rate-Distortion Theory for General Sets and Measures}, 
      author={Erwin Riegler and Günther Koliander and Helmut Bölcskei},
      year={2018},
      journal={arXiv preprint arXiv:1804.08980},
      eprint={1804.08980},
      archivePrefix={arXiv},
      primaryClass={cs.IT}
}

@article{kiefer1956consistency,
  title={Consistency of the maximum likelihood estimator in the presence of infinitely many incidental parameters},
  author={Kiefer, Jack and Wolfowitz, Jacob},
  journal={The Annals of Mathematical Statistics},
  pages={887--906},
  year={1956},
  publisher={JSTOR}
}

@article{carroll1988optimal,
  title={Optimal rates of convergence for deconvolving a density},
  author={Carroll, Raymond J and Hall, Peter},
  journal={Journal of the American Statistical Association},
  volume={83},
  number={404},
  pages={1184--1186},
  year={1988},
  publisher={Taylor \& Francis}
}

@article{ho2020denoising,
  title={Denoising diffusion probabilistic models},
  author={Ho, Jonathan and Jain, Ajay and Abbeel, Pieter},
  journal={Advances in Neural Information Processing Systems},
  volume={33},
  pages={6840--6851},
  year={2020}
}

@inproceedings{sohl2015deep,
  title={Deep unsupervised learning using nonequilibrium thermodynamics},
  author={Sohl-Dickstein, Jascha and Weiss, Eric and Maheswaranathan, Niru and Ganguli, Surya},
  booktitle={International Conference on Machine Learning},
  pages={2256--2265},
  year={2015},
  organization={PMLR}
}
@article{gray1998quantization,
  title={Quantization},
  author={Gray, Robert M. and Neuhoff, David L.},
  journal={IEEE transactions on information theory},
  volume={44},
  number={6},
  pages={2325--2383},
  year={1998},
  publisher={IEEE}
}


@book{berger1971rate,
  title={Rate distortion theory, a mathematical basis for data compression},
  author={Berger, Toby},
  publisher={Prentice Hall},
  year={1971}
}


@article{balle2021ntc,
    title	= {Nonlinear Transform Coding},
    author	= {J. Ballé and P. A. Chou and D. Minnen and S. Singh and N. Johnston and E. Agustsson and S. J. Hwang and G. Toderici},
    year	= {2021},
    journal	= {{IEEE} Trans. on Special Topics in Signal Processing},
    volume	= {15}
}

@misc{howard2021foundations,
      title={Foundations of a Fast, Data-Driven, Machine-Learned Simulator}, 
      author={Jessica N. Howard and Stephan Mandt and Daniel Whiteson and Yibo Yang},
      year={2021},
      eprint={2101.08944},
      archivePrefix={arXiv},
      primaryClass={hep-ph}
}

@article{grosse2015sandwiching,
  title={Sandwiching the marginal likelihood using bidirectional Monte Carlo},
  author={Grosse, Roger B and Ghahramani, Zoubin and Adams, Ryan P},
  journal={arXiv preprint arXiv:1511.02543},
  year={2015}
}

@article{eckstein2022convergence,
  title={Convergence rates for regularized optimal transport via quantization},
  author={Eckstein, Stephan and Nutz, Marcel},
  journal={arXiv preprint arXiv:2208.14391},
  year={2022}
}

@book{AmbrosioGigliSavare.08,
    AUTHOR = {Ambrosio, Luigi and Gigli, Nicola and Savar\'{e}, Giuseppe},
     TITLE = {Gradient flows in metric spaces and in the space of
              probability measures},
    SERIES = {Lectures in Mathematics ETH Z\"{u}rich},
   EDITION = {Second},
 PUBLISHER = {Birkh\"{a}user Verlag, Basel},
      YEAR = {2008},
     PAGES = {x+334},
}

@book{ccinlar2011probability,
  title={Probability and stochastics},
  author={{\c{C}}inlar, Erhan},
  volume={261},
  year={2011},
  publisher={Springer}
}

@book{folland1999real,
  title={Real analysis: modern techniques and their applications},
  author={Folland, Gerald B},
  volume={40},
  year={1999},
  publisher={John Wiley \& Sons}
}
@misc{oneshot,
  doi = {10.48550/ARXIV.2111.01662},
  url = {https://arxiv.org/abs/2111.01662},
  author = {Zhang,  Chen and Zhang,  Shifeng and Carlucci,  Fabio Maria and Li,  Zhenguo},
  keywords = {Machine Learning (cs.LG),  Artificial Intelligence (cs.AI),  FOS: Computer and information sciences,  FOS: Computer and information sciences},
  title = {OSOA: One-Shot Online Adaptation of Deep Generative Models for Lossless Compression},
  publisher = {arXiv},
  year = {2021},
  copyright = {Creative Commons Attribution 4.0 International}
}
@article{polyanskiy2014lecture,
  title={Lecture notes on information theory},
  author={Polyanskiy, Yury and Wu, Yihong},
  journal={Lecture Notes for ECE563 (UIUC) and},
  volume={6},
  number={2012-2016},
  pages={7},
  year={2014},
  publisher={Citeseer}
}

@article{polyanskiy2022information,
  title={Information theory: From coding to learning},
  author={Polyanskiy, Yury and Wu, Yihong},
  journal={Book draft},
  year={2022}
}
@book{graf2007foundations,
  title={Foundations of quantization for probability distributions},
  author={Graf, Siegfried and Luschgy, Harald},
  year={2007},
  publisher={Springer}
}
@article{jordan1999introduction,
  title={An introduction to variational methods for graphical models},
  author={Jordan, Michael I and Ghahramani, Zoubin and Jaakkola, Tommi S and Saul, Lawrence K},
  journal={Machine learning},
  volume={37},
  pages={183--233},
  year={1999},
  publisher={Springer}
}

@article{wainwright2008graphical,
  title={Graphical models, exponential families, and variational inference},
  author={Wainwright, Martin J and Jordan, Michael I and others},
  journal={Foundations and Trends{\textregistered} in Machine Learning},
  volume={1},
  number={1--2},
  pages={1--305},
  year={2008},
  publisher={Now Publishers, Inc.}
}

@book{jordan1999learning,
  title={Learning in graphical models},
  author={Jordan, Michael Irwin},
  year={1999},
  publisher={MIT press}
}

@book{beal2003variational,
  title={Variational algorithms for approximate Bayesian inference},
  author={Beal, Matthew James},
  year={2003},
  publisher={University of London, University College London (United Kingdom)}
}

@article{beal2003vem,
  title={The variational Bayesian EM algorithm for incomplete data: with application to scoring graphical model structures},
  author={Beal, MJ and Ghahramani, Z},
  journal={Bayesian statistics},
  volume={7},
  number={453-464},
  pages={210},
  year={2003}
}

@article{dempster1977maximum,
  title={Maximum likelihood from incomplete data via the EM algorithm},
  author={Dempster, Arthur P and Laird, Nan M and Rubin, Donald B},
  journal={Journal of the royal statistical society: series B (methodological)},
  volume={39},
  number={1},
  pages={1--22},
  year={1977},
  publisher={Wiley Online Library}
}

@software{jax2018github,
  author = {James Bradbury and Roy Frostig and Peter Hawkins and Matthew James Johnson and Chris Leary and Dougal Maclaurin and George Necula and Adam Paszke and Jake Vander{P}las and Skye Wanderman-{M}ilne and Qiao Zhang},
  title = {{JAX}: composable transformations of {P}ython+{N}um{P}y programs},
  url = {http://github.com/google/jax},
  version = {0.3.13},
  year = {2018},
}

@inproceedings{lei2022neural,
  title={Neural Estimation of the Rate-Distortion Function for Massive Datasets},
  author={Lei, Eric and Hassani, Hamed and Bidokhti, Shirin Saeedi},
  booktitle={2022 IEEE International Symposium on Information Theory (ISIT)},
  pages={608--613},
  year={2022},
  organization={IEEE}
}

@article{wu2022communication,
  title={A Communication Optimal Transport Approach to the Computation of Rate Distortion Functions},
  author={Wu, Shitong and Ye, Wenhao and Wu, Hao and Wu, Huihui and Zhang, Wenyi and Bai, Bo},
  journal={arXiv preprint arXiv:2212.10098},
  year={2022}
}

@article{shannon1948mathematical,
  title={A mathematical theory of communication},
  author={Shannon, Claude Elwood},
  journal={The Bell system technical journal},
  volume={27},
  number={3},
  pages={379--423},
  year={1948},
  publisher={Nokia Bell Labs}
}


@article{rigollet2022sample,
  title={On the sample complexity of entropic optimal transport},
  author={Rigollet, Philippe and Stromme, Austin J},
  journal={arXiv preprint arXiv:2206.13472},
  year={2022}
}

@inproceedings{genevay2019sample,
  title={Sample complexity of {S}inkhorn divergences},
  author={Genevay, Aude and Chizat, L{\'e}naic and Bach, Francis and Cuturi, Marco and Peyr{\'e}, Gabriel},
  booktitle={The 22nd International Conference on Artificial Intelligence and Statistics},
  pages={1574--1583},
  year={2019},
  organization={PMLR}
}

@misc{lei2023relation,
      title={On a Relation Between the Rate-Distortion Function and Optimal Transport}, 
      author={Eric Lei and Hamed Hassani and Shirin Saeedi Bidokhti},
      year={2023},
      eprint={2307.00246},
      archivePrefix={arXiv},
      primaryClass={cs.IT}
}


@article{gray2013,
      title={Transportation distance, Shannon information, and source coding}, 
      author={Robert M. Gray},
      year={2013},
      journal={GRETSI 2013
Symposium on Signal and Image Processing},
      URL={https://ee.stanford.edu/~gray/gretsi.pdf}
}


@article{nitanda2017stochastic,
      title={Stochastic Particle Gradient Descent for Infinite Ensembles}, 
      author={Atsushi Nitanda and Taiji Suzuki},
      year={2017},
      eprint={1712.05438},
      archivePrefix={arXiv},
      primaryClass={stat.ML}
}

@book{nocedal2006numerical,
  title={Numerical optimization},
  author={Jorge Nocedal and Stephen J Wright},
  year={2006},
  publisher={SprLindsay, B. G. and Roeder, K. (1993). Uniqueness of estimation and identifiability in mixture models.Lindsay, B. G. and Roeder, K. (1993). Uniqueness of estimation and identifiability in mixture models.inger}
}

@article{papamakarios2021normalizing,
  title={Normalizing flows for probabilistic modeling and inference},
  author={Papamakarios, George and Nalisnick, Eric and Rezende, Danilo Jimenez and Mohamed, Shakir and Lakshminarayanan, Balaji},
  journal={The Journal of Machine Learning Research},
  volume={22},
  number={1},
  pages={2617--2680},
  year={2021},
  publisher={JMLRORG}
}
@misc{minnen_current_2021,
	address = {Plenary talk at ICIP 2021},
	title = {Current {Frontiers} {In} {Neural} {Image} {Compression}: {The} {Rate}-{Distortion}-{Computation} {Trade}-{Off} {And} {Optimizing} {For} {Subjective} {Visual} {Quality}},
	url = {https://www.youtube.com/watch?v=84XkOlBhOas},
	urldate = {2022-10-26},
	author = {Minnen, David},
	year = {2021},
}
@inproceedings{he2022elic,
	title        = {Elic: Efficient learned image compression with unevenly grouped space-channel contextual adaptive coding},
	author       = {He, Dailan and Yang, Ziming and Peng, Weikun and Ma, Rui and Qin, Hongwei and Wang, Yan},
	year         = 2022,
	booktitle    = {Proceedings of the IEEE/CVF Conference on Computer Vision and Pattern Recognition},
	pages        = {5718--5727}
}


@inproceedings{agustsson2020scale,
	title        = {Scale-space flow for end-to-end optimized video compression},
	author       = {Agustsson, Eirikur and Minnen, David and Johnston, Nick and Ballé, Johannes and Hwang, Sung Jin and Toderici, George},
	year         = 2020,
	booktitle    = {Proceedings of the IEEE/CVF Conference on Computer Vision and Pattern Recognition},
	pages        = {8503--8512}
}
@inproceedings{yang2020hierarchical,
	title        = {Hierarchical Autoregressive Modeling for Neural Video Compression},
	author       = {Yang, Ruihan and Yang, Yibo and Marino, Joseph and Mandt, Stephan},
	year         = 2020,
	booktitle    = {International Conference on Learning Representations}
}


@inproceedings{lu2019dvc,
  title     = {Dvc: An end-to-end deep video compression framework},
  author    = {Lu, Guo and Ouyang, Wanli and Xu, Dong and Zhang, Xiaoyun and Cai, Chunlei and Gao, Zhiyong},
  booktitle = {Proceedings of the IEEE Conference on Computer Vision and Pattern Recognition},
  pages     = {11006--11015},
  year      = {2019}
}

@inproceedings{yang2021hierarchical,
  title={Hierarchical Autoregressive Modeling for Neural Video Compression},
  author={Yang, Ruihan and Yang, Yibo and Marino, Joseph and Mandt, Stephan},
  booktitle={International Conference on Learning Representations},
  year={2020}
}

@article{mentzer2022vct,
  title   = {Vct: A video compression transformer},
  author  = {Mentzer, Fabian and Toderici, George and Minnen, David and Hwang, Sung-Jin and Caelles, Sergi and Lucic, Mario and Agustsson, Eirikur},
  journal = {arXiv preprint arXiv:2206.07307},
  year    = {2022}
}


@article{vincent2011connection,
  title={A connection between score matching and denoising autoencoders},
  author={Vincent, Pascal},
  journal={Neural computation},
  volume={23},
  number={7},
  pages={1661--1674},
  year={2011},
  publisher={MIT Press}
}
@inproceedings{platt1987constrained,
  title={Constrained differential optimization},
  author={Platt, John and Barr, Alan},
  booktitle={Neural Information Processing Systems},
  year={1987}
}
@inproceedings{yang2020improving,
  title={Improving Inference for Neural Image Compression},
  author={Yang, Yibo and Bamler, Robert and Mandt, Stephan},
  booktitle={Neural Information Processing Systems (NeurIPS), 2020},
  year={2020}
}

@article{lecun1998gradient,
  title={Gradient-based learning applied to document recognition},
  author={LeCun, Yann and Bottou, L{\'e}on and Bengio, Yoshua and Haffner, Patrick},
  journal={Proceedings of the IEEE},
  volume={86},
  number={11},
  pages={2278--2324},
  year={1998},
  publisher={Ieee}
}

@article{lindsay1993uniqueness,
  title={Uniqueness of estimation and identifiability in mixture models},
  author={Lindsay, Bruce G and Roeder, Kathryn},
  journal={Canadian Journal of Statistics},
  volume={21},
  number={2},
  pages={139--147},
  year={1993},
  publisher={Wiley Online Library}
}

@article{liu2016stein,
  title={Stein variational gradient descent: A general purpose bayesian inference algorithm},
  author={Liu, Qiang and Wang, Dilin},
  journal={Advances in neural information processing systems},
  volume={29},
  year={2016}
}

@inproceedings{wang2023learning,
  title={Learning lossless compression for high bit-depth medical imaging},
  author={Wang, Kai and Bai, Yuanchao and Zhai, Deming and Li, Daxin and Jiang, Junjun and Liu, Xianming},
  booktitle={2023 IEEE International conference on multimedia and expo (ICME)},
  pages={2549--2554},
  year={2023},
  organization={IEEE}
}

@inproceedings{balle2018integer,
  title={Integer networks for data compression with latent-variable models},
  author={Ball{\'e}, Johannes and Johnston, Nick and Minnen, David},
  booktitle={International Conference on Learning Representations},
  year={2018}
}

@article{yang2023diffusion,
  title={Diffusion models: A comprehensive survey of methods and applications},
  author={Yang, Ling and Zhang, Zhilong and Song, Yang and Hong, Shenda and Xu, Runsheng and Zhao, Yue and Zhang, Wentao and Cui, Bin and Yang, Ming-Hsuan},
  journal={ACM Computing Surveys},
  volume={56},
  number={4},
  pages={1--39},
  year={2023},
  publisher={ACM New York, NY, USA}
}

@article{ulhaq2022efficient,
  title={Efficient diffusion models for vision: A survey},
  author={Ulhaq, Anwaar and Akhtar, Naveed},
  journal={arXiv preprint arXiv:2210.09292},
  year={2022}
}

@article{cao2024survey,
  title={A survey on generative diffusion models},
  author={Cao, Hanqun and Tan, Cheng and Gao, Zhangyang and Xu, Yilun and Chen, Guangyong and Heng, Pheng-Ann and Li, Stan Z},
  journal={IEEE Transactions on Knowledge and Data Engineering},
  year={2024},
  publisher={IEEE}
}

@article{salimans2022progressive,
  title={Progressive distillation for fast sampling of diffusion models},
  author={Salimans, Tim and Ho, Jonathan},
  journal={arXiv preprint arXiv:2202.00512},
  year={2022}
}

@misc{NASA_2024, 
    title={Audit of the nancy grace roman space telescope project}, 
    url={https://oig.nasa.gov/wp-content/uploads/2024/07/ig-24-014.pdf}, 
    journal={NASA OIG}, 
    author={NASA}, 
    year={2024}, 
    month={Jul}
}

@misc{ccsds2024,
  author = {{CCSDS}},
  title = {Consultative Committee for Space Data Systems},
  url = {https://public.ccsds.org/default.aspx},
  year = {2024},
  note = {Accessed: 2024-11-28}
}

@misc{mast2024,
  author = {{MAST}},
  title = {{Mikulski Archive for Space Telescopes (MAST)}},
  url = {https://mast.stsci.edu/},
  year = {2024},
  note = {Accessed: 2024-11-28}
}

@misc{ccsds2022,
  author = {{CCSDS}},
  title = {{Lossless Multispectral and Hyperspectral Image Compression}},
  url = {https://public.ccsds.org/Pubs/120x2g2.pdf},
  year = {2022},
  note = {Accessed: 2024-11-28}
}

@misc{photutils,
  author = {photutils},
  title = {{photutils, An Astropy Package for Photometry}},
  url = {https://photutils.readthedocs.io/en/stable/},
  year = {2024},
  note = {Accessed: 2024-11-28}
}

@misc{spie2020,
  author = {SPIE},
  title = {{Drowning in Data}},
  url = {https://spie.org/news/photonics-focus/mayjun-2020/square-kilometer-array-big-data},
  year = {2020},
  month = {May},
  note = {Accessed: 2024-11-28}
}

@misc{nasa2014,
  author = {{NASA}},
  title = {{A Look at the Numbers as NASA’s Hubble Space Telescope Enters its 25th Year}},
  url = {https://science.nasa.gov/missions/hubble/a-look-at-the-numbers-as-nasas-hubble-space-telescope-enters-its-25th-year/},
  year = {2014},
  note = {Accessed: 2024-11-28}
}

@misc{jwst2024,
  author = {{JWST}},
  title = {{WEBB Space Telescope}},
  url = {https://jwst-docs.stsci.edu/},
  note = {Accessed: 2024-11-28},
  year = {2024}
}

@misc{neuralmapping2024,
  author = {{Google}},
  title = {{Neural Mapping}},
  url = {https://sites.research.google/neural-mapping/},
  note = {Accessed: 2024-11-28},
  year = {2024}
}

@misc{nih2024,
  author = {{NIH}},
  title = {{Genomic Data Science}},
  url = {https://www.genome.gov/about-genomics/fact-sheets/Genomic-Data-Science},
  note = {Accessed: 2024-11-28},
  year = {2024}
}

@article{bai2022,
  title         = "Deep lossy plus residual coding for lossless and
                   near-lossless image compression",
  author        = "Bai, Yuanchao and Liu, Xianming and Wang, Kai and Ji,
                   Xiangyang and Wu, Xiaolin and Gao, Wen",
  year          =  2022,
  copyright     = "http://arxiv.org/licenses/nonexclusive-distrib/1.0/",
  archivePrefix = "arXiv",
  primaryClass  = "eess.IV",
  eprint        = "2209.04847"
}

@article{child2019generating,
  title={Generating long sequences with sparse transformers},
  author={Child, Rewon and Gray, Scott and Radford, Alec and Sutskever, Ilya},
  journal={arXiv preprint arXiv:1904.10509},
  year={2019}
}

@article{roy2021efficient,
  title={Efficient content-based sparse attention with routing transformers},
  author={Roy, Aurko and Saffar, Mohammad and Vaswani, Ashish and Grangier, David},
  journal={Transactions of the Association for Computational Linguistics},
  volume={9},
  pages={53--68},
  year={2021},
  publisher={MIT Press One Rogers Street, Cambridge, MA 02142-1209, USA journals-info~…}
}